
@article{2007CSE.....9...90H,
	adsnote = {Provided by the SAO/NASA Astrophysics Data System},
	adsurl = {https://ui.adsabs.harvard.edu/abs/2007CSE.....9...90H},
	author = {{Hunter}, John D.},
	date-added = {2020-07-16 09:33:31 +1000},
	date-modified = {2020-07-16 09:33:31 +1000},
	doi = {10.1109/MCSE.2007.55},
	journal = {Computing in Science and Engineering},
	keywords = {Python, Scripting languages, Application development, Scientific programming},
	month = may,
	number = {3},
	pages = {90-95},
	title = {{Matplotlib: A 2D Graphics Environment}},
	volume = {9},
	year = 2007,
	bdsk-url-1 = {https://doi.org/10.1109/MCSE.2007.55}}


@inproceedings{seabold2010statsmodels,
	address = {Austin Texas},
	author = {Seabold, Skipper and Perktold, Josef},
	booktitle = {9th Python in Science Conference},
	date-added = {2021-09-12 10:49:50 +0800},
	date-modified = {2022-01-07 10:14:34 +0800},
	publisher = {SciPy proceedings},
	title = {statsmodels: Econometric and statistical modeling with python},
	year = {2010}}

@article{2020SciPy-NMeth,
	adsurl = {https://rdcu.be/b08Wh},
	author = {{Virtanen}, Pauli and {Gommers}, Ralf and {Oliphant}, Travis E. and {Haberland}, Matt and {Reddy}, Tyler and {Cournapeau}, David and {Burovski}, Evgeni and {Peterson}, Pearu and {Weckesser}, Warren and {Bright}, Jonathan and {van der Walt}, St{\'e}fan J. and {Brett}, Matthew and {Wilson}, Joshua and {Jarrod Millman}, K. and {Mayorov}, Nikolay and {Nelson}, Andrew R.~J. and {Jones}, Eric and {Kern}, Robert and {Larson}, Eric and {Carey}, CJ and {Polat}, {\.I}lhan and {Feng}, Yu and {Moore}, Eric W. and {Vand erPlas}, Jake and {Laxalde}, Denis and {Perktold}, Josef and {Cimrman}, Robert and {Henriksen}, Ian and {Quintero}, E.~A. and {Harris}, Charles R and {Archibald}, Anne M. and {Ribeiro}, Ant{\^o}nio H. and {Pedregosa}, Fabian and {van Mulbregt}, Paul and {Contributors}, SciPy 1. 0},
	date-added = {2020-07-16 09:32:03 +1000},
	date-modified = {2020-07-16 09:32:03 +1000},
	doi = {https://doi.org/10.1038/s41592-019-0686-2},
	journal = {Nature Methods},
	pages = {261--272},
	title = {{SciPy 1.0: Fundamental Algorithms for Scientific Computing in Python}},
	volume = {17},
	year = {2020},
	bdsk-url-1 = {https://doi.org/10.1038/s41592-019-0686-2}}
	@article{2011CSE....13b..22V,
	adsnote = {Provided by the SAO/NASA Astrophysics Data System},
	adsurl = {https://ui.adsabs.harvard.edu/abs/2011CSE....13b..22V},
	archiveprefix = {arXiv},
	author = {{van der Walt}, St{\'e}fan and {Colbert}, S. Chris and {Varoquaux}, Ga{\"e}l},
	date-added = {2020-07-16 09:27:37 +1000},
	date-modified = {2020-07-16 09:27:37 +1000},
	doi = {10.1109/MCSE.2011.37},
	eprint = {1102.1523},
	journal = {Computing in Science and Engineering},
	keywords = {Computer Science - Mathematical Software},
	month = mar,
	number = {2},
	pages = {22-30},
	primaryclass = {cs.MS},
	title = {{The NumPy Array: A Structure for Efficient Numerical Computation}},
	volume = {13},
	year = 2011,
	bdsk-url-1 = {https://doi.org/10.1109/MCSE.2011.37}}
